@book{aps,
	author    = {Craig Larman},
	title     = {Applicare UML e Pattern. Analisi e progettazione orientata agli oggetti},
	year      = {2016},
	isbn      = {9788891901033},
	edition   = {4th},
	publisher = {Pearson}
} 